@article{nangini2019global,
  title={A global dataset of CO 2 emissions and ancillary data related to emissions for 343 cities},
  author={Nangini, Cathy and Peregon, Anna and Ciais, Philippe and Weddige, Ulf and Vogel, Felix and Wang, Jun and Br{\'e}on, Fran{\c{c}}ois-Marie and Bachra, Simeran and Wang, Yilong and Gurney, Kevin and others},
  journal={Scientific data},
  volume={6},
  pages={180280},
  year={2019},
  publisher={Nature Publishing Group}
}

@misc{sklearnpreprocessing,
  title = {Preprocessing data},
  howpublished = {\url{https://scikit-learn.org/stable/modules/preprocessing.html}},
}